   @MISC{legoMindstormsSalesStatistic,
      author =       "Jesus Diaz",
      title =        "{\it Everything You Always Wanted to Know About Lego}",
      howpublished = "Gizmodo Media Group",
      year =         "2008",
      month =        Jun,
      url =          "http://gizmodo.com/5019797/everything-you-always-wanted-to-know-about-lego",
      note =         "[Online; navštíveno 19.01.2017]"
   }
